<record><leader>00000cas a22000007a 4500</leader><controlfield tag="001">18372871</controlfield><controlfield tag="008">880819d19761985mduwr ne      0   a0eng d</controlfield><datafield ind1=" " ind2=" " tag="010"><subfield code="a">sn 88065046 </subfield><subfield code="z">sn 79002650 </subfield></datafield><datafield ind1=" " ind2=" " tag="040"><subfield code="a">MFN</subfield><subfield code="b">eng</subfield><subfield code="c">MFN</subfield><subfield code="d">NSD</subfield><subfield code="d">OCL</subfield><subfield code="d">MFN</subfield><subfield code="d">OCLCQ</subfield></datafield><datafield ind1=" " ind2=" " tag="012"><subfield code="k">1</subfield><subfield code="m">d</subfield></datafield><datafield ind1=" " ind2=" " tag="019"><subfield code="a">4912895</subfield></datafield><datafield ind1="1" ind2=" " tag="022"><subfield code="a">0191-6211</subfield><subfield code="l">0191-6211</subfield><subfield code="2">1</subfield></datafield><datafield ind1=" " ind2=" " tag="042"><subfield code="a">msc</subfield><subfield code="a">nsdp</subfield></datafield><datafield ind1="0" ind2=" " tag="130"><subfield code="a">Messenger (Baltimore, Md.)</subfield></datafield><datafield ind1=" " ind2="4" tag="222"><subfield code="a">The Messenger</subfield><subfield code="b">(Baltimore, Md.)</subfield></datafield><datafield ind1="1" ind2="4" tag="245"><subfield code="a">The messenger.</subfield></datafield><datafield ind1=" " ind2=" " tag="260"><subfield code="a">Baltimore, Md. :</subfield><subfield code="b">Roland Park Publications</subfield></datafield><datafield ind1=" " ind2=" " tag="300"><subfield code="a">v.</subfield></datafield><datafield ind1=" " ind2=" " tag="310"><subfield code="a">Weekly,</subfield><subfield code="b">&lt;May 4, 1979&gt;-</subfield></datafield><datafield ind1=" " ind2=" " tag="321"><subfield code="a">Monthly,</subfield><subfield code="b">1976-&lt;Apr. 13, 1979&gt;</subfield></datafield><datafield ind1="0" ind2=" " tag="362"><subfield code="a">Vol. 1 (Dec. 1976)-v. 22, no. 33 (Aug. 21, 1985).</subfield></datafield><datafield ind1=" " ind2=" " tag="752"><subfield code="a">United States</subfield><subfield code="b">Maryland</subfield><subfield code="d">Baltimore.</subfield></datafield><datafield ind1="0" ind2="0" tag="785"><subfield code="t">Baltimore messenger (Baltimore, Md. : 1985)</subfield><subfield code="x">1041-0872</subfield><subfield code="w">(DLC)sn 88065045</subfield></datafield></record>